<?xml version="1.0" encoding="UTF-8"?>
<marc:record xmlns:marc="http://www.loc.gov/MARC21/slim" xmlns:xsi="http://www.w3.org/2001/XMLSchema-instance" xsi:schemaLocation="http://www.loc.gov/standards/marcxml/schema/MARC21slim.xsd">
  <marc:controlfield tag="001">pe30009893</marc:controlfield>
  <marc:controlfield tag="003">DE-633</marc:controlfield>
  <marc:controlfield tag="005">20210325085128.0</marc:controlfield>
  <marc:controlfield tag="008">161109n|||||||a||| a</marc:controlfield>
  <marc:datafield tag="024" ind1="7" ind2=" ">
    <marc:subfield code="a">103786546</marc:subfield>
    <marc:subfield code="2">DNB</marc:subfield>
  </marc:datafield>
  <marc:datafield tag="040" ind1=" " ind2=" ">
    <marc:subfield code="a">DE-633</marc:subfield>
  </marc:datafield>
  <marc:datafield tag="042" ind1=" " ind2=" ">
    <marc:subfield code="a">individualized</marc:subfield>
  </marc:datafield>
  <marc:datafield tag="100" ind1="1" ind2=" ">
    <marc:subfield code="a">Bohdanowicz, Bazyli</marc:subfield>
    <marc:subfield code="d">1740c-1817</marc:subfield>
    <marc:subfield code="w">x</marc:subfield>
  </marc:datafield>
  <marc:datafield tag="375" ind1=" " ind2=" ">
    <marc:subfield code="a">male</marc:subfield>
  </marc:datafield>
  <marc:datafield tag="400" ind1="1" ind2=" ">
    <marc:subfield code="a">Basilius von Bohdanowicz, Bazyli</marc:subfield>
    <marc:subfield code="j">xx</marc:subfield>
  </marc:datafield>
  <marc:datafield tag="400" ind1="1" ind2=" ">
    <marc:subfield code="a">Bochdanowitz, Bazyli</marc:subfield>
    <marc:subfield code="j">xx</marc:subfield>
  </marc:datafield>
  <marc:datafield tag="400" ind1="1" ind2=" ">
    <marc:subfield code="a">Bohdanowitz, Bazyli</marc:subfield>
    <marc:subfield code="j">xx</marc:subfield>
  </marc:datafield>
  <marc:datafield tag="400" ind1="1" ind2=" ">
    <marc:subfield code="a">Bohdanowicz, Basilius von</marc:subfield>
    <marc:subfield code="j">zx</marc:subfield>
  </marc:datafield>
  <marc:datafield tag="550" ind1=" " ind2=" ">
    <marc:subfield code="a">Conductor</marc:subfield>
    <marc:subfield code="i">profession</marc:subfield>
  </marc:datafield>
  <marc:datafield tag="550" ind1=" " ind2=" ">
    <marc:subfield code="a">Pianist</marc:subfield>
    <marc:subfield code="i">profession</marc:subfield>
  </marc:datafield>
  <marc:datafield tag="550" ind1=" " ind2=" ">
    <marc:subfield code="a">Violinist</marc:subfield>
    <marc:subfield code="i">profession</marc:subfield>
  </marc:datafield>
  <marc:datafield tag="550" ind1=" " ind2=" ">
    <marc:subfield code="a">Violist</marc:subfield>
    <marc:subfield code="i">profession</marc:subfield>
  </marc:datafield>
  <marc:datafield tag="550" ind1=" " ind2=" ">
    <marc:subfield code="a">Composer</marc:subfield>
    <marc:subfield code="i">profession</marc:subfield>
  </marc:datafield>
  <marc:datafield tag="550" ind1=" " ind2=" ">
    <marc:subfield code="a">Performer</marc:subfield>
    <marc:subfield code="i">profession</marc:subfield>
  </marc:datafield>
  <marc:datafield tag="551" ind1=" " ind2=" ">
    <marc:subfield code="a">Wien</marc:subfield>
    <marc:subfield code="i">xx</marc:subfield>
  </marc:datafield>
  <marc:datafield tag="670" ind1=" " ind2=" ">
    <marc:subfield code="a">DEUMM/b suppl.</marc:subfield>
    <marc:subfield code="b">0</marc:subfield>
    <marc:subfield code="w">2957</marc:subfield>
  </marc:datafield>
  <marc:datafield tag="670" ind1=" " ind2=" ">
    <marc:subfield code="a">DEUMM/b</marc:subfield>
    <marc:subfield code="b">0</marc:subfield>
    <marc:subfield code="w">1577</marc:subfield>
  </marc:datafield>
  <marc:datafield tag="670" ind1=" " ind2=" ">
    <marc:subfield code="a">EM/b</marc:subfield>
    <marc:subfield code="b">Bohdanowicz, Bazyli [1740-1817]</marc:subfield>
    <marc:subfield code="w">1793</marc:subfield>
  </marc:datafield>
  <marc:datafield tag="670" ind1=" " ind2=" ">
    <marc:subfield code="a">EitnerQ</marc:subfield>
    <marc:subfield code="b">Bohdanowicz, Basilius von [1754c-1819c (1814)]</marc:subfield>
    <marc:subfield code="w">1272</marc:subfield>
  </marc:datafield>
  <marc:datafield tag="670" ind1=" " ind2=" ">
    <marc:subfield code="a">Grove|6</marc:subfield>
    <marc:subfield code="b">Bohdanowicz, Bazyli [1740-1817]</marc:subfield>
    <marc:subfield code="w">1258</marc:subfield>
  </marc:datafield>
  <marc:datafield tag="670" ind1=" " ind2=" ">
    <marc:subfield code="a">Grove|7</marc:subfield>
    <marc:subfield code="b">Bohdanowicz, Bazyli [1740-1817]</marc:subfield>
    <marc:subfield code="w">3072</marc:subfield>
  </marc:datafield>
  <marc:datafield tag="670" ind1=" " ind2=" ">
    <marc:subfield code="a">MGG suppl.</marc:subfield>
    <marc:subfield code="b">Bohdanowicz, Bazyli (Basilius von Bohdanowicz)[ 1754c (1740)-1814 (1819)]</marc:subfield>
    <marc:subfield code="w">2495</marc:subfield>
  </marc:datafield>
  <marc:datafield tag="670" ind1=" " ind2=" ">
    <marc:subfield code="a">MGG|2/p</marc:subfield>
    <marc:subfield code="b">Bohdanowicz, Bazyli (Bo(c)hdanowitz) (Basilius von) [1740c-1817]</marc:subfield>
    <marc:subfield code="w">3828</marc:subfield>
  </marc:datafield>
  <marc:datafield tag="670" ind1=" " ind2=" ">
    <marc:subfield code="a">RISM A/I suppl.</marc:subfield>
    <marc:subfield code="b">0</marc:subfield>
    <marc:subfield code="w">3808</marc:subfield>
  </marc:datafield>
  <marc:datafield tag="670" ind1=" " ind2=" ">
    <marc:subfield code="a">RISM A/I</marc:subfield>
    <marc:subfield code="b">Bohdanowicz, Basilius von</marc:subfield>
    <marc:subfield code="w">3806</marc:subfield>
  </marc:datafield>
  <marc:datafield tag="670" ind1=" " ind2=" ">
    <marc:subfield code="a">RiemannL|1|2/p suppl.</marc:subfield>
    <marc:subfield code="b">0</marc:subfield>
    <marc:subfield code="w">2496</marc:subfield>
  </marc:datafield>
  <marc:datafield tag="670" ind1=" " ind2=" ">
    <marc:subfield code="a">RiemannL|1|2/p</marc:subfield>
    <marc:subfield code="b">0</marc:subfield>
    <marc:subfield code="w">408</marc:subfield>
  </marc:datafield>
  <marc:datafield tag="670" ind1=" " ind2=" ">
    <marc:subfield code="a">SMP</marc:subfield>
    <marc:subfield code="b">Bohdanowicz, Bazyli [1754 (?1740)-1819 (?1804)]</marc:subfield>
    <marc:subfield code="w">1935</marc:subfield>
  </marc:datafield>
</marc:record>
